@phdthesis{Garrison_2019,
  title={Graphical pangenomics},
  author={Garrison, Erik},
  year={2019},
  school={University of Cambridge}
}

@article{computational2016computational,
  title={Computational pan-genomics: status, promises and challenges},
  journal={Briefings in bioinformatics},
  volume={19},
  number={1},
  pages={118--135},
  year={2016},
  publisher={Oxford University Press}
}

@article{Rand_2016,
  title={Coordinates and Intervals in Graph-based Reference Genomes},
  url={http://dx.doi.org/10.1101/063206},
  DOI={10.1101/063206},
  publisher={Cold Spring Harbor Laboratory},
  author={Rand, Knut D. and Grytten, Ivar and Nederbragt, Alexander J. and Storvik, Geir O. and Glad, Ingrid K. and Sandve, Geir K.},
  year={2016},
  month={Jul}
}

@article{Pritt_2018,
  title={FORGe: prioritizing variants for graph genomes},
  volume={19},
  ISSN={1474-760X},
  url={http://dx.doi.org/10.1186/s13059-018-1595-x},
  DOI={10.1186/s13059-018-1595-x},
  number={1},
  journal={Genome Biology},
  publisher={Springer Nature},
  author={Pritt, Jacob and Chen, Nae-Chyun and Langmead, Ben},
  year={2018},
  month={Dec}
}

@article{Duan_2019,
  title={HUPAN: a pan-genome analysis pipeline for human genomes},
  volume={20},
  ISSN={1474-760X},
  url={http://dx.doi.org/10.1186/s13059-019-1751-y},
  DOI={10.1186/s13059-019-1751-y},
  number={1},
  journal={Genome Biology},
  publisher={Springer Science and Business Media LLC},
  author={Duan, Zhongqu and Qiao, Yuyang and Lu, Jinyuan and Lu, Huimin and Zhang, Wenmin and Yan, Fazhe and Sun, Chen and Hu, Zhiqiang and Zhang, Zhen and Li, Guichao and et al.},
  year={2019},
  month={Jul}
}

@article{Novak_2017,
  title={Genome Graphs},
  url={http://dx.doi.org/10.1101/101378},
  DOI={10.1101/101378},
  publisher={Cold Spring Harbor Laboratory},
  author={Novak, Adam M. and Hickey, Glenn and Garrison, Erik and Blum, Sean and Connelly, Abram and Dilthey, Alexander and Eizenga, Jordan and Elmohamed, M. A. Saleh and Guthrie, Sally and Kahles, André and et al.},
  year={2017},
  month={Jan}
}

@article{Garrison_2018,
  title={Variation graph toolkit improves read mapping by representing genetic variation in the reference},
  volume={36},
  ISSN={1546-1696},
  url={http://dx.doi.org/10.1038/nbt.4227},
  DOI={10.1038/nbt.4227},
  number={9},
  journal={Nature Biotechnology},
  publisher={Springer Science and Business Media LLC},
  author={Garrison, Erik and Sirén, Jouni and Novak, Adam M and Hickey, Glenn and Eizenga, Jordan M and Dawson, Eric T and Jones, William and Garg, Shilpa and Markello, Charles and Lin, Michael F and et al.},
  year={2018},
  month={Aug},
  pages={875–879}
}

@article{Vaddadi_2017,
  title={Sequence Alignment on Directed Graphs},
  url={http://dx.doi.org/10.1101/124941},
  DOI={10.1101/124941},
  publisher={Cold Spring Harbor Laboratory},
  author={Vaddadi, Kavya and Sivadasan, Naveen and Tayal, Kshitij and Srinivasan, Rajgopal},
  year={2017},
  month={Apr}
}

@article{Rautiainen_2017,
  title={Aligning sequences to general graphs in O(V + mE) time},
  url={http://dx.doi.org/10.1101/216127},
  DOI={10.1101/216127},
  publisher={Cold Spring Harbor Laboratory},
  author={Rautiainen, Mikko and Marschall, Tobias},
  year={2017},
  month={Nov}
}

@article{Ghaffaari_2019,
  title={Fully-sensitive seed finding in sequence graphs using a hybrid index},
  volume={35},
  ISSN={1460-2059},
  url={http://dx.doi.org/10.1093/bioinformatics/btz341},
  DOI={10.1093/bioinformatics/btz341},
  number={14},
  journal={Bioinformatics},
  publisher={Oxford University Press (OUP)},
  author={Ghaffaari, Ali and Marschall, Tobias},
  year={2019},
  month={Jul},
  pages={i81–i89}
}

@article{B_chler_2019,
  title={An improved encoding of genetic variation in a Burrows-Wheeler transform},
  url={http://dx.doi.org/10.1101/658716},
  DOI={10.1101/658716},
  publisher={Cold Spring Harbor Laboratory},
  author={Büchler, Thomas and Ohlebusch, Enno},
  year={2019},
  month={Jun}
}

@article{Huang_2013,
  title={Short read alignment with populations of genomes},
  volume={29},
  ISSN={1460-2059},
  url={http://dx.doi.org/10.1093/bioinformatics/btt215},
  DOI={10.1093/bioinformatics/btt215},
  number={13},
  journal={Bioinformatics},
  publisher={Oxford University Press (OUP)},
  author={Huang, L. and Popic, V. and Batzoglou, S.},
  year={2013},
  month={Jun},
  pages={i361–i370}
}

@article{Maciuca_2016,
  title={A Natural Encoding of Genetic Variation in a Burrows-Wheeler Transform to Enable Mapping and Genome Inference},
  ISBN={9783319436814},
  ISSN={1611-3349},
  url={http://dx.doi.org/10.1007/978-3-319-43681-4_18},
  DOI={10.1007/978-3-319-43681-4_18},
  journal={Algorithms in Bioinformatics},
  publisher={Springer International Publishing},
  author={Maciuca, Sorina and del Ojo Elias, Carlos and McVean, Gil and Iqbal, Zamin},
  year={2016},
  pages={222–233}
}

@article{Sir_n_2017,
  title={Indexing Variation Graphs},
  ISBN={9781611974768},
  url={http://dx.doi.org/10.1137/1.9781611974768.2},
  DOI={10.1137/1.9781611974768.2},
  journal={2017 Proceedings of the Ninteenth Workshop on Algorithm Engineering and Experiments (ALENEX)},
  publisher={Society for Industrial and Applied Mathematics},
  author={Sirén, Jouni},
  year={2017},
  month={Jan}
}

@article{Jain_2019,
  title={Validating Paired-end Read Alignments in Sequence Graphs},
  url={http://dx.doi.org/10.1101/682799},
  DOI={10.1101/682799},
  publisher={Cold Spring Harbor Laboratory},
  author={Jain, Chirag and Zhang, Haowen and Dilthey, Alexander and Aluru, Srinivas},
  year={2019},
  month={Jun}
}

@article{Novak_2017,
  title={A graph extension of the positional Burrows–Wheeler transform and its applications},
  volume={12},
  ISSN={1748-7188},
  url={http://dx.doi.org/10.1186/s13015-017-0109-9},
  DOI={10.1186/s13015-017-0109-9},
  number={1},
  journal={Algorithms for Molecular Biology},
  publisher={Springer Science and Business Media LLC},
  author={Novak, Adam M. and Garrison, Erik and Paten, Benedict},
  year={2017},
  month={Jul}
}

@article{Na_2016,
  title={FM-index of alignment: A compressed index for similar strings},
  volume={638},
  ISSN={0304-3975},
  url={http://dx.doi.org/10.1016/j.tcs.2015.08.008},
  DOI={10.1016/j.tcs.2015.08.008},
  journal={Theoretical Computer Science},
  publisher={Elsevier BV},
  author={Na, Joong Chae and Kim, Hyunjoon and Park, Heejin and Lecroq, Thierry and Léonard, Martine and Mouchard, Laurent and Park, Kunsoo},
  year={2016},
  month={Jul},
  pages={159–170}
}

@article{Na_2018,
  title={FM-index of alignment with gaps},
  volume={710},
  ISSN={0304-3975},
  url={http://dx.doi.org/10.1016/j.tcs.2017.02.020},
  DOI={10.1016/j.tcs.2017.02.020},
  journal={Theoretical Computer Science},
  publisher={Elsevier BV},
  author={Na, Joong Chae and Kim, Hyunjoon and Min, Seunghwan and Park, Heejin and Lecroq, Thierry and Léonard, Martine and Mouchard, Laurent and Park, Kunsoo},
  year={2018},
  month={Feb},
  pages={148–157}
}

@article{Rahn_2014,
  title={Journaled string tree--a scalable data structure for analyzing thousands of similar genomes on your laptop},
  volume={30},
  ISSN={1460-2059},
  url={http://dx.doi.org/10.1093/bioinformatics/btu438},
  DOI={10.1093/bioinformatics/btu438},
  number={24},
  journal={Bioinformatics},
  publisher={Oxford University Press (OUP)},
  author={Rahn, R. and Weese, D. and Reinert, K.},
  year={2014},
  month={Jul},
  pages={3499–3505}
}

@article{Baier_2015,
  title={Graphical pan-genome analysis with compressed suffix trees and the Burrows–Wheeler transform},
  volume={32},
  ISSN={1460-2059},
  url={http://dx.doi.org/10.1093/bioinformatics/btv603},
  DOI={10.1093/bioinformatics/btv603},
  number={4},
  journal={Bioinformatics},
  publisher={Oxford University Press (OUP)},
  author={Baier, Uwe and Beller, Timo and Ohlebusch, Enno},
  year={2015},
  month={Oct},
  pages={497–504}
}

@article{Haussler_2018,
  title={A Flow Procedure for Linearization of Genome Sequence Graphs},
  volume={25},
  ISSN={1557-8666},
  url={http://dx.doi.org/10.1089/cmb.2017.0248},
  DOI={10.1089/cmb.2017.0248},
  number={7},
  journal={Journal of Computational Biology},
  publisher={Mary Ann Liebert Inc},
  author={Haussler, David and Smuga-Otto, Maciej and Eizenga, Jordan M. and Paten, Benedict and Novak, Adam M. and Nikitin, Sergei and Zueva, Maria and Miagkov, Dmitrii},
  year={2018},
  month={Jul},
  pages={664–676}
}

@article{Schneeberger_2009,
  title={Simultaneous alignment of short reads against multiple genomes},
  volume={10},
  ISSN={1465-6906},
  url={http://dx.doi.org/10.1186/gb-2009-10-9-r98},
  DOI={10.1186/gb-2009-10-9-r98},
  number={9},
  journal={Genome Biology},
  publisher={Springer Nature},
  author={Schneeberger, Korbinian and Hagmann, Jörg and Ossowski, Stephan and Warthmann, Norman and Gesing, Sandra and Kohlbacher, Oliver and Weigel, Detlef},
  year={2009},
  pages={R98}
}

@article{Rakocevic_2019,
  title={Fast and accurate genomic analyses using genome graphs},
  volume={51},
  ISSN={1546-1718},
  url={http://dx.doi.org/10.1038/s41588-018-0316-4},
  DOI={10.1038/s41588-018-0316-4},
  number={2},
  journal={Nature Genetics},
  publisher={Springer Science and Business Media LLC},
  author={Rakocevic, Goran and Semenyuk, Vladimir and Lee, Wan-Ping and Spencer, James and Browning, John and Johnson, Ivan J. and Arsenijevic, Vladan and Nadj, Jelena and Ghose, Kaushik and Suciu, Maria C. and et al.},
  year={2019},
  month={Jan},
  pages={354–362}
}

@article{Rautiainen_2019,
  title={Bit-parallel sequence-to-graph alignment},
  volume={35},
  ISSN={1460-2059},
  url={http://dx.doi.org/10.1093/bioinformatics/btz162},
  DOI={10.1093/bioinformatics/btz162},
  number={19},
  journal={Bioinformatics},
  publisher={Oxford University Press (OUP)},
  author={Rautiainen, Mikko and Mäkinen, Veli and Marschall, Tobias},
  editor={Birol, InancEditor},
  year={2019},
  month={Mar},
  pages={3599–3607}
}

@article{Heydari_2018,
  title={BrownieAligner: accurate alignment of Illumina sequencing data to de Bruijn graphs},
  volume={19},
  ISSN={1471-2105},
  url={http://dx.doi.org/10.1186/s12859-018-2319-7},
  DOI={10.1186/s12859-018-2319-7},
  number={1},
  journal={BMC Bioinformatics},
  publisher={Springer Science and Business Media LLC},
  author={Heydari, Mahdi and Miclotte, Giles and Van de Peer, Yves and Fostier, Jan},
  year={2018},
  month={Sep}
}

@article{Limasset_2016,
  title={Read mapping on de Bruijn graphs},
  volume={17},
  ISSN={1471-2105},
  url={http://dx.doi.org/10.1186/s12859-016-1103-9},
  DOI={10.1186/s12859-016-1103-9},
  number={1},
  journal={BMC Bioinformatics},
  publisher={Springer Science and Business Media LLC},
  author={Limasset, Antoine and Cazaux, Bastien and Rivals, Eric and Peterlongo, Pierre},
  year={2016},
  month={Jun}
}

@article{Liu_2016,
  title={deBGA: read alignment with de Bruijn graph-based seed and extension},
  volume={32},
  ISSN={1460-2059},
  url={http://dx.doi.org/10.1093/bioinformatics/btw371},
  DOI={10.1093/bioinformatics/btw371},
  number={21},
  journal={Bioinformatics},
  publisher={Oxford University Press (OUP)},
  author={Liu, Bo and Guo, Hongzhe and Brudno, Michael and Wang, Yadong},
  year={2016},
  month={Jul},
  pages={3224–3232}
}

@article{Lee_2018,
  title={AltHapAlignR: improved accuracy of RNA-seq analyses through the use of alternative haplotypes},
  volume={34},
  ISSN={1460-2059},
  url={http://dx.doi.org/10.1093/bioinformatics/bty125},
  DOI={10.1093/bioinformatics/bty125},
  number={14},
  journal={Bioinformatics},
  publisher={Oxford University Press (OUP)},
  author={Lee, Wanseon and Plant, Katharine and Humburg, Peter and Knight, Julian C},
  editor={Wren, JonathanEditor},
  year={2018},
  month={Mar},
  pages={2401–2408}
}

@article{Valenzuela_2017,
  title={CHIC: a short read aligner for pan-genomic references},
  url={http://dx.doi.org/10.1101/178129},
  DOI={10.1101/178129},
  publisher={Cold Spring Harbor Laboratory},
  author={Valenzuela, Daniel and Mäkinen, Veli},
  year={2017},
  month={Aug}
}

@article{Beyer_2019,
  title={Sequence tube maps: making graph genomes intuitive to commuters},
  ISSN={1460-2059},
  url={http://dx.doi.org/10.1093/bioinformatics/btz597},
  DOI={10.1093/bioinformatics/btz597},
  journal={Bioinformatics},
  publisher={Oxford University Press (OUP)},
  author={Beyer, Wolfgang and Novak, Adam M and Hickey, Glenn and Chan, Jeffrey and Tan, Vanessa and Paten, Benedict and Zerbino, Daniel R},
  editor={Valencia, AlfonsoEditor},
  year={2019},
  month={Aug}
}

@article{Wick_2015,
  title={Bandage: interactive visualization ofde novogenome assemblies: Fig. 1.},
  volume={31},
  ISSN={1460-2059},
  url={http://dx.doi.org/10.1093/bioinformatics/btv383},
  DOI={10.1093/bioinformatics/btv383},
  number={20},
  journal={Bioinformatics},
  publisher={Oxford University Press (OUP)},
  author={Wick, Ryan R. and Schultz, Mark B. and Zobel, Justin and Holt, Kathryn E.},
  year={2015},
  month={Jun},
  pages={3350–3352}
}

@article{Gonnella_2018,
  title={GfaViz: flexible and interactive visualization of GFA sequence graphs},
  volume={35},
  ISSN={1460-2059},
  url={http://dx.doi.org/10.1093/bioinformatics/bty1046},
  DOI={10.1093/bioinformatics/bty1046},
  number={16},
  journal={Bioinformatics},
  publisher={Oxford University Press (OUP)},
  author={Gonnella, Giorgio and Niehus, Niklas and Kurtz, Stefan},
  editor={Birol, InancEditor},
  year={2018},
  month={Dec},
  pages={2853–2855}
}

@article{Kunyavskaya_2018,
  title={SGTK: a toolkit for visualization and assessment of scaffold graphs},
  author={Kunyavskaya, Olga and Prjibelski, Andrey D},
  journal={Bioinformatics},
  volume={35},
  number={13},
  pages={2303–2305},
  year={2018},
  publisher={Oxford University Press (OUP)},
  url={https://doi.org/10.1093/bioinformatics/bty956},
  DOI={10.1093/bioinformatics/bty956},
}

@article{Mikheenko_2019,
  title={Assembly Graph Browser: interactive visualization of assembly graphs},
  volume={35},
  ISSN={1460-2059},
  url={http://dx.doi.org/10.1093/bioinformatics/btz072},
  DOI={10.1093/bioinformatics/btz072},
  number={18},
  journal={Bioinformatics},
  publisher={Oxford University Press (OUP)},
  author={Mikheenko, Alla and Kolmogorov, Mikhail},
  editor={Hancock, JohnEditor},
  year={2019},
  month={Feb},
  pages={3476–3478}
}

@article{Limasset_2019,
  title={Toward perfect reads: self-correction of short reads via mapping on de Bruijn graphs},
  ISSN={1460-2059},
  url={http://dx.doi.org/10.1093/bioinformatics/btz102},
  DOI={10.1093/bioinformatics/btz102},
  journal={Bioinformatics},
  publisher={Oxford University Press (OUP)},
  author={Limasset, Antoine and Flot, Jean-François and Peterlongo, Pierre},
  editor={Valencia, AlfonsoEditor},
  year={2019},
  month={Feb}
}

@article{Marchet_2019,
  title={Read correction for non-uniform coverages},
  url={http://dx.doi.org/10.1101/673624},
  DOI={10.1101/673624},
  publisher={Cold Spring Harbor Laboratory},
  author={Marchet, Camille and Dufresne, Yoann and Limasset, Antoine},
  year={2019},
  month={Jun}
}

@article{Grytten_2019,
  title={Graph Peak Caller: Calling ChIP-seq peaks on graph-based reference genomes},
  volume={15},
  ISSN={1553-7358},
  url={http://dx.doi.org/10.1371/journal.pcbi.1006731},
  DOI={10.1371/journal.pcbi.1006731},
  number={2},
  journal={PLOS Computational Biology},
  publisher={Public Library of Science (PLoS)},
  author={Grytten, Ivar and Rand, Knut D. and Nederbragt, Alexander J. and Storvik, Geir O. and Glad, Ingrid K. and Sandve, Geir K.},
  editor={McHardy, Alice CarolynEditor},
  year={2019},
  month={Feb},
  pages={e1006731}
}

@article{Rozowsky_2011,
  title={AlleleSeq: analysis of allele‐specific expression and binding in a network framework},
  volume={7},
  ISSN={1744-4292},
  url={http://dx.doi.org/10.1038/msb.2011.54},
  DOI={10.1038/msb.2011.54},
  number={1},
  journal={Molecular Systems Biology},
  publisher={EMBO},
  author={Rozowsky, Joel and Abyzov, Alexej and Wang, Jing and Alves, Pedro and Raha, Debasish and Harmanci, Arif and Leng, Jing and Bjornson, Robert and Kong, Yong and Kitabayashi, Naoki and et al.},
  year={2011},
  month={Jan},
  pages={522}
}

@article{Stein_2015,
  title={Discover hidden splicing variations by mapping personal transcriptomes to personal genomes},
  volume={43},
  ISSN={1362-4962},
  url={http://dx.doi.org/10.1093/nar/gkv1099},
  DOI={10.1093/nar/gkv1099},
  number={22},
  journal={Nucleic Acids Research},
  publisher={Oxford University Press (OUP)},
  author={Stein, Shayna and Lu, Zhi-xiang and Bahrami-Samani, Emad and Park, Juw Won and Xing, Yi},
  year={2015},
  month={Nov},
  pages={10612–10622}
}

@article{Bray_2016,
  title={Near-optimal probabilistic RNA-seq quantification},
  volume={34},
  ISSN={1546-1696},
  url={http://dx.doi.org/10.1038/nbt.3519},
  DOI={10.1038/nbt.3519},
  number={5},
  journal={Nature Biotechnology},
  publisher={Springer Science and Business Media LLC},
  author={Bray, Nicolas L and Pimentel, Harold and Melsted, Páll and Pachter, Lior},
  year={2016},
  month={Apr},
  pages={525–527}
}

@article{Denti_2018,
  title={ASGAL: aligning RNA-Seq data to a splicing graph to detect novel alternative splicing events},
  volume={19},
  ISSN={1471-2105},
  url={http://dx.doi.org/10.1186/s12859-018-2436-3},
  DOI={10.1186/s12859-018-2436-3},
  number={1},
  journal={BMC Bioinformatics},
  publisher={Springer Nature},
  author={Denti, Luca and Rizzi, Raffaella and Beretta, Stefano and Vedova, Gianluca Della and Previtali, Marco and Bonizzoni, Paola},
  year={2018},
  month={Nov}
}

@article{Lee_2018,
  title={AltHapAlignR: improved accuracy of RNA-seq analyses through the use of alternative haplotypes},
  volume={34},
  ISSN={1460-2059},
  url={http://dx.doi.org/10.1093/bioinformatics/bty125},
  DOI={10.1093/bioinformatics/bty125},
  number={14},
  journal={Bioinformatics},
  publisher={Oxford University Press (OUP)},
  author={Lee, Wanseon and Plant, Katharine and Humburg, Peter and Knight, Julian C},
  editor={Wren, JonathanEditor},
  year={2018},
  month={Mar},
  pages={2401–2408}
}

@article{Liu_2018,
  title={iMapSplice: Alleviating reference bias through personalized RNA-seq alignment},
  volume={13},
  ISSN={1932-6203},
  url={http://dx.doi.org/10.1371/journal.pone.0201554},
  DOI={10.1371/journal.pone.0201554},
  number={8},
  journal={PLOS ONE},
  publisher={Public Library of Science (PLoS)},
  author={Liu, Xinan and MacLeod, James N. and Liu, Jinze},
  editor={Lin, HonghuangEditor},
  year={2018},
  month={Aug},
  pages={e0201554}
}

@inproceedings{Ellson_2001,
  title={Graphviz—open source graph drawing tools},
  author={Ellson, John and Gansner, Emden and Koutsofios, Lefteris and North, Stephen C and Woodhull, Gordon},
  booktitle={International Symposium on Graph Drawing},
  pages={483--484},
  year={2001},
  organization={Springer},
  url={https://doi.org/10.1007/3-540-45848-4_57},
  DOI={10.1007/3-540-45848-4_57}
}


